@book {Kel99,
    AUTHOR = {Kelley, C. T.},
     TITLE = {Iterative methods for optimization},
    SERIES = {Frontiers in Applied Mathematics},
    VOLUME = {18},
 PUBLISHER = {Society for Industrial and Applied Mathematics (SIAM)},
   ADDRESS = {Philadelphia, PA},
      YEAR = {1999},
     PAGES = {xvi+180},
      ISBN = {0-89871-433-8},
   MRCLASS = {90-02 (65K05 90-01 90C30)},
  MRNUMBER = {MR1678201 (2000h:90003)},
MRREVIEWER = {William W. Hager},
}

@book {GVL96,
    AUTHOR = {Golub, Gene H. and Van Loan, Charles F.},
     TITLE = {Matrix computations},
    SERIES = {Johns Hopkins Studies in the Mathematical Sciences},
   EDITION = {Third},
 PUBLISHER = {Johns Hopkins University Press},
   ADDRESS = {Baltimore, MD},
      YEAR = {1996},
     PAGES = {xxx+698},
      ISBN = {0-8018-5413-X; 0-8018-5414-8},
   MRCLASS = {65-02 (65Fxx)},
  MRNUMBER = {MR1417720 (97g:65006)},
}
